@misc{WHO:2013,
author={ {World Health Organization Department of Immunization, Vaccines And Biologicals} },
title={World Health Organization vaccine-preventable diseases: monitoring system 2013 global summary},
year=2013,
  howpublished = {\url{http://apps.who.int/immunization_monitoring/globalsummary/timeseries/tscoveragebcg.html}},
  note={Last accessed: May 19, 2014} }



@article{Blackwood_et:2013,
  title={Deciphering the impacts of vaccination and immunity on pertussis epidemiology in Thailand},
  author={Blackwood, Julie C and Cummings, Derek AT and Broutin, H{\'e}l{\`e}ne and Iamsirithaworn, Sopon and Rohani, Pejman},
  journal={Proceedings of the National Academy of Sciences},
  volume={110},
  number={23},
  pages={9595--9600},
  year={2013},
  publisher={National Acad Sciences}
}

@article{Cherry:2003,
  title={The science and fiction of the ÒresurgenceÓ of pertussis},
  author={Cherry, James D},
  journal={Pediatrics},
  volume={112},
  number={2},
  pages={405--406},
  year={2003},
  publisher={Am Acad Pediatrics}
}

@article{Cherry:2012,
  title={Epidemic pertussis in 2012Ñthe resurgence of a vaccine-preventable disease},
  author={Cherry, James D},
  journal={New England Journal of Medicine},
  volume={367},
  number={9},
  pages={785--787},
  year={2012},
  publisher={Mass Medical Soc}
}

@article{deGreeff_et:2010,
  title={Pertussis disease burden in the household: how to protect young infants},
  author={de Greeff, Sabine C and Mooi, Frits R and Westerhof, Anneke and Verbakel, JMM and Peeters, Marcel F and Heuvelman, CJ and Notermans, Daan W and Elvers, LH and Schellekens, Joop FP and de Melker, Hester E},
  journal={Clinical Infectious Diseases},
  volume={50},
  number={10},
  pages={1339--1345},
  year={2010},
  publisher={Oxford University Press}
}

@article{Farizo_et:2014,
  title={Clinical Evaluation of Pertussis Vaccines: US Food and Drug Administration Regulatory Considerations},
  author={Farizo, Karen M and Burns, Drusilla L and Finn, Theresa M and Gruber, Marion F and Pratt, R Douglas},
  journal={Journal of Infectious Diseases},
  volume={209},
  number={Suppl 1},
  pages={S28--S31},
  year={2014},
  publisher={Oxford University Press}
}

@article{Goldberg&Kalyanmoy:1991,
  title={A comparative analysis of selection schemes used in genetic algorithms},
  author={Goldberg, David E and Deb, Kalyanmoy},
  journal={Urbana},
  volume={51},
  pages={69--92},
  year={1991}
}

@article{Halperin_et:1989,
  title={Persistence of pertussis in an immunized population: results of the Nova Scotia enhanced pertussis surveillance program},
  author={Halperin, Scott A and Bortolussi, Robert and MacLean, David and Chisholm, Nanette},
  journal={The Journal of pediatrics},
  volume={115},
  number={5},
  pages={686--693},
  year={1989},
  publisher={Elsevier}
}

@article{Halloran_et:1992,
  title={Interpretation and estimation of vaccine efficacy under heterogeneity},
  author={Halloran, M Elizabeth and Haber, Michael and Longini, Ira M},
  journal={American Journal of Epidemiology},
  volume={136},
  number={3},
  pages={328--343},
  year={1992},
  publisher={Oxford Univ Press}
}

@article{Jackson&Rohani:2013,
  title={Perplexities of pertussis: recent global epidemiological trends and their potential causes},
  author={Jackson, DW and Rohani, Pejman},
  journal={Epidemiology and infection},
  volume={142},
  number={4},
  pages={1--13},
  year={2013},
  publisher={Cambridge Univ Press}
}

@article{Jenkinson:1988,
  title={Duration of effectiveness of pertussis vaccine: evidence from a 10 year community study},
  author={Jenkinson, Douglas},
  journal={British medical journal (Clinical research ed.)},
  volume={296},
  number={6622},
  pages={612--614},
  year={1988},
  publisher={BMJ Group}
}


% Mumps
@incollection{Macdonald_et:2011,
  title={Mumps is back: why is mumps eradication not working?},
  author={MacDonald, Noni and Hatchette, Todd and Elkout, Lotfia and Sarwal, Shelly},
  booktitle={Hot Topics in Infection and Immunity in Children VII},
  pages={197--220},
  year={2011},
  publisher={Springer}
}


@article{Mooi_et:2001,
  title={Adaptation of Bordetella pertussis to vaccination: a cause for its reemergence?},
  author={Mooi, Frits R and Van Loo, IH and King, Audrey J},
  journal={Emerging infectious diseases},
  volume={7},
  number={3 Suppl},
  pages={526--528},
  year={2001},
  publisher={Centers for Disease Control}
}

@article{Morens_et:2011,
  title={Global rinderpest eradication: lessons learned and why humans should celebrate too},
  author={Morens, David M and Holmes, Edward C and Davis, A Sally and Taubenberger, Jeffery K},
  journal={Journal of Infectious Diseases},
  volume={204},
  number={4},
  pages={502--505},
  year={2011},
  publisher={Oxford University Press}
}

@article{Nielsen_eT:1994,
  title={Epidemiology of pertussis in Denmark: the impact of herd immunity},
  author={Nielsen, Anne and Larsen, Severin Olesen},
  journal={International journal of epidemiology},
  volume={23},
  number={6},
  pages={1300--1308},
  year={1994},
  publisher={IEA}
}

@article{Ntezayabo_et:2003,
  title={Pertussis resurgence in Canada largely caused by a cohort effect},
  author={Ntezayabo, Benoit and De Serres, Gaston and Duval, Bernard},
  journal={The Pediatric infectious disease journal},
  volume={22},
  number={1},
  pages={22--27},
  year={2003},
  publisher={LWW}
}

@article{Omer:2009,
  title={Vaccine refusal, mandatory immunization, and the risks of vaccine-preventable diseases},
  author={Omer, Saad B and Salmon, Daniel A and Orenstein, Walter A and deHart, M Patricia and Halsey, Neal},
  journal={New England Journal of Medicine},
  volume={360},
  number={19},
  pages={1981--1988},
  year={2009},
  publisher={Mass Medical Soc}
}


% Review
@article{Omer_et:2013,
author = {Omer, Saad B. and Orenstein, Walter A. and Koplan, Jeffrey P.},
title = {Go Big and Go Fast â€” Vaccine Refusal and Disease Eradication},
journal = {New England Journal of Medicine},
volume = {368},
number = {15},
pages = {1374-1376},
year = {2013},
doi = {10.1056/NEJMp1300765},
note ={PMID: 23574116},
URL = {http://www.nejm.org/doi/full/10.1056/NEJMp1300765},
eprint = {http://www.nejm.org/doi/pdf/10.1056/NEJMp1300765}
}

@article{Riolo_et:2013,
  title={Can vaccine legacy explain the British pertussis resurgence?},
  author={Riolo, Maria A and King, Aaron A and Rohani, Pejman},
  journal={Vaccine},
  volume={31},
  number={49},
  pages={5903--5908},
  year={2013},
  publisher={Elsevier}
}

@article{Riolo&Newman:2012,
  author    = {Maria A. Riolo and
               M. E. J. Newman},
  title     = {First-principles multiway spectral partitioning of graphs},
  journal   = {CoRR},
  volume    = {abs/1209.5969},
  year      = {2012},
  ee        = {http://arxiv.org/abs/1209.5969},
  bibsource = {DBLP, http://dblp.uni-trier.de}
}

@article{Rohani_et:2010,
  title={Contact network structure explains the changing epidemiology of pertussis},
  author={Rohani, Pejman and Zhong, Xue and King, Aaron A},
  journal={Science},
  volume={330},
  number={6006},
  pages={982--985},
  year={2010},
  publisher={American Association for the Advancement of Science}
}

@article{Shapiro:2012,
  title={Acellular vaccines and resurgence of pertussis},
  author={Shapiro, Eugene D},
  journal={JAMA},
  volume={308},
  number={20},
  pages={2149--2150},
  year={2012},
  publisher={American Medical Association}
}


@article{Warfel_et:2014,
  title={Acellular pertussis vaccines protect against disease but fail to prevent infection and transmission in a nonhuman primate model},
  author={Warfel, Jason M and Zimmerman, Lindsey I and Merkel, Tod J},
  journal={Proceedings of the National Academy of Sciences},
  volume={111},
  number={2},
  pages={787--792},
  year={2014},
  publisher={National Acad Sciences}
}

@article{Wearing&Rohani:2009,
  title={Estimating the duration of pertussis immunity using epidemiological signatures},
  author={Wearing, Helen J and Rohani, Pejman},
  journal={PLoS pathogens},
  volume={5},
  number={10},
  pages={e1000647},
  year={2009},
  publisher={Public Library of Science}
}


@article{Zepp_et:2011,
  title={Rationale for pertussis booster vaccination throughout life in Europe},
  author={Zepp, Fred and Heininger, Ulrich and Mertsola, Jussi and Bernatowska, Ewa and Guiso, Nicole and Roord, John and Tozzi, Alberto E and Van Damme, Pierre},
  journal={The Lancet infectious diseases},
  volume={11},
  number={7},
  pages={557--570},
  year={2011},
  publisher={Elsevier}
}
